<?xml version="1.0" encoding="UTF-8"?><collection xmlns="http://www.loc.gov/MARC21/slim"><record><leader>00511nam--2200193-u-4500</leader><controlfield tag="001">000055418</controlfield><controlfield tag="002">20161230</controlfield><controlfield tag="005">20161230201052</controlfield><controlfield tag="008">130206s1000------------r-----000-0-eng-d</controlfield><datafield ind1=" " ind2=" " tag="040"><subfield code="a">IFIN-HH</subfield></datafield><datafield ind1=" " ind2=" " tag="080"><subfield code="a">803.0(075.8)</subfield></datafield><datafield ind1="1" ind2=" " tag="100"><subfield code="a">Cherel, A</subfield></datafield><datafield ind1="1" ind2="0" tag="245"><subfield code="a">L'allemand sans peine</subfield><subfield code="b">Illustrtion de pierre soymier</subfield><subfield code="c">A. cherel</subfield></datafield><datafield ind1=" " ind2=" " tag="250"><subfield code="a">Nouvelle Edition</subfield></datafield><datafield ind1=" " ind2=" " tag="260"><subfield code="a">Paris</subfield><subfield code="b">Assimil</subfield><subfield code="c">1956</subfield></datafield><datafield ind1=" " ind2=" " tag="300"><subfield code="a">VIII+376P</subfield></datafield><datafield ind1=" " ind2=" " tag="490"><subfield code="a">Methode Quotidienne Assimil</subfield></datafield><datafield ind1=" " ind2=" " tag="852"><subfield code="a">41878</subfield><subfield code="c">4</subfield></datafield><datafield ind1=" " ind2=" " tag="CAT"><subfield code="a">Sys</subfield><subfield code="c">20130206</subfield><subfield code="h">095844</subfield></datafield></record></collection>